@article{Gadala80,
   author = {Gadala-Maria, F. and Acrivos, Andreas},
   title = {Shear-Induced Structure in a Concentrated Suspension of Solid Spheres},
   journal = {Journal of Rheology},
   year = {1980},
   volume = {24},
   number = {6}, 
   pages = {799-814}
}

@article{metzner85,
   author = {Metzner, A. B.},
   title = {Rheology of Suspensions in Polymeric Liquids},
   journal = {Journal of Rheology},
   year = {1985},
   volume = {29},
   number = {6}, 
   pages = {739-775}
}

@article{zarraga00,
   author = {Zarraga, Isidro E. and Hill, Davide A. and Leighton, David T.},
   title = {The characterization of the total stress of concentrated 
   suspensions of noncolloidal spheres in Newtonian fluids},
   journal = {Journal of Rheology},
   year = {2000},
   volume = {44},
   number = {2}, 
   pages = {185-220}
}

@BOOK{Mewis,
author = {Mewis, J. and Wagner, N.J.},
title = {Colloidal Suspension Rheology},
publisher = {Cambridge University Press},
address = {New York},
year = {2012}
}

@article{Morris,
   author = {Morris, J.F.},
   title = {title},
   journal = {Rheologica Acta},
   year = {2009},
   volume = {48},
   pages = {909-923}
}

@BOOK{landau59,
author = {Landau, L.D. and Lifshitz, E.M.},
title = {Fluid Mechanics},
publisher = {Pergamon Press},
address = {New York},
year = {1959}
}

@article{batchelor70,
   author = {Batchelor, G.K.},
   title = {title},
   journal = {J. Fluid Mech.},
   year = {1970},
   volume = {44},
   pages = {545-570}
}

@BOOK{kim91,
author = {Kim, S.and Karrila, S.J.},
title = {Microhydrodynamics: Principles and Selected Applications},
publisher = {Butterworth and Heinemann},
address = {Boston},
year = {1991}
}

@BOOK{phan-thien94,
author = {Phan-Thien, N. and Kim, S.},
title = {Microstructure in
Elastic Media Principles and Computational Methods},
publisher = {Oxford University Press},
address = {New York},
year = {1994}
}

@BOOK{happel73,
author = {Happel, J. and Brenner, H.},
title = {Low Reynolds Number
Hydrodynamics},
publisher = {Noordhoff International Publishing},
address = {Leyden},
year = {1973}
}

@BOOK{einstein03,
author = {Einstein, A.},
title = {Investigations on the Theory of
the Brownian Movement},
publisher = {Ed.\ R. F\"{u}rth, R.},
address = {New York},
year = {1956}
}

@article{foss00,
   author = {Foss, D.R. and Brady, J.F.},
   title = {title},
   journal = {J. Fluid Mech.},
   year = {2000},
   volume = {407},
   pages = {167}
}

@article{Pan10,
Author = {Pan, Wenxiao and Caswell, Bruce and Karniadakis, George Em},
Title = {{Rheology, Microstructure and Migration in Brownian Colloidal Suspensions}},
Journal = {{LANGMUIR}},
Year = {{2010}},
Volume = {{26}},
Number = {{1}},
Pages = {{133-142}}
}

@article{dai13,
Author = {Dai, Shao-Cong and Bertevas, Erwan and Qi, Fuzhong and Tanner, Roger I.},
Title = {{Viscometric functions for noncolloidal sphere suspensions with Newtonian
   matrices}},
Journal = {{Journal of Rheology}},
Year = {{2013}},
Volume = {{57}},
Number = {{2}},
Pages = {{493-510}},
}

@article{phanthien14b,
   author = "Lin, Yuan and Phan-Thien, Nhan and Cheong Khoo, Boo",
   title = "Normal stress differences behavior of polymeric particle suspension in shear flow",
   journal = "Journal of Rheology",
   year = "2014",
   volume = "58",
   number = "1", 
   pages = "223-235",
}

@article{lyon01,
   author = "Lyon, M. K. and Mead, D. W. and Elliott, R. E. and Leal, L. G.",
   title = "Structure formation in moderately concentrated viscoelastic suspensions in simple shear flow",
   journal = "Journal of Rheology",
   year = "2001",
   volume = "45",
   number = "4", 
   pages = "881-890",
}

@article{zarraga01,
   author = "Zarraga, Isidro E. and Hill, Davide A. and Leighton, David T.",
   title = "Normal stresses and free surface deformation in concentrated suspensions of noncolloidal spheres in a viscoelastic fluid",
   journal = "Journal of Rheology",
   year = "2001",
   volume = "45",
   number = "5", 
   pages = "1065-1084",
}

@article{gleissle02,
Author = {Mall-Gleissle, SE and Gleissle, W and McKinley, GH and Buggisch, H},
Title = {{The normal stress behaviour of suspensions with viscoelastic matrix
   fluids}},
Journal = {{Rheologica Acta}},
Year = {{2002}},
Volume = {{41}},
Number = {{1-2}},
Pages = {{61-76}},
}

@article{tanner10,
Author = {Tanner, Roger I. and Qi, Fuzhong and Housiadas, Kostas D.},
Title = {{A differential model for the rheological properties of concentrated
   suspensions with weakly viscoelastic matrices}},
Journal = {{Rheologica Acta}},
Year = {{2010}},
Volume = {{49}},
Number = {{2}},
Pages = {{169-176}},
}

@article{roscoe52,
Author = {R. Roscoe}, 
Journal = {British J. Appl. Phys.},
Volume = {3},
Year = {1952},
Pages = {267-269}
}

@article{norris85,
Author = {A.N. Norris}, 
Journal = {Mech. Mat.},
Volume = {4},
Year = {1985},
Pages = {1-16}
}

@article{norris85b,
Author = {A.N. Norris, A.J. Callegari and P. Sheng}, 
Journal = {J. Mech. Phys.},
Volume = {33},
Year = {1985},
Pages = {525-543}
}

@article{phan-thien97,
author = "N Phan-Thien and D.C Pham",
title = "Differential multiphase models for polydispersed suspensions and particulate solids ",
journal = "Journal of Non-Newtonian Fluid Mechanics ",
volume = "72",
number = "2-3",
pages = "305 - 318",
year = "1997",
}

@article{hand62,
Author = {G.L. Hand}, 
Journal = {Arch Ration Mech Anal},
Volume = {7},
Year = {1961},
Pages = {81-86}
}


@article{ericksen60,
Author = {J.L. Ericksen}, 
Journal = {Kolloid-Z.},
Volume = {173},
Year = {1960},

Pages = {117-122}
}

@article{goddard,
Author = {J.D. Goddard and C. Miller}, 
Author = {J . Fluid Mech.},
Volume = {28},
Year = {1967},
Pages = {657}
}

@article{folgar84,
Author = {F.P. Folgar and C.L. Tucker},
Year = {1984}, 
Journal = {J. Reinforced Plast. Compos.},
Volume = {3},
Pages = {98-119}
}

@article{phan-thien99,
Author = {N. Phan-Thien and X.-J. Fan and B.C. Khoo}, 
Journal = {Rheologica Acta},
Volume = {38},
Year = {1999},
Pages = {297-304}
}

@article{leal73,
Author = {L.G. Leal and E.J. Hinch}, 
Journal = {Rheologica Acta}, 
Volume = {12},
Year = {1973},
Pages = {127--132}
}

@article{jeffery22,
Author = {G.B. Jeffery},
Journal = {Proc. Roy. Soc. Lond. A},
Volume = {102},
Year = {1922},
Pages = {161-179}
}

@article{hinch72,
Author = {E.J. Hinch and L.G. Leal},
Journal = {J. Fluid Mech.},
Volume = {52},
Year = {1972},
Pages = {683-712}
}

@article{cox71,
Author = {R.G. Cox}, 
Journal = {J. Fluid Mech.},
Volume = {45},
Year = {1971},
Pages = {625-657}
}

@BOOK{doi88,
author = {M. Doi and S.F. Edwards},
title = {The Theory of Polymer Dynamics},
publisher = {Oxford University Press},
address = {Oxford},
year = {1988}
}
