@book{knuth1986texbook,
  title={The TeXbook},
  author={Knuth, D.E.},
  isbn={9780201134476},
  lccn={85030845},
  series={Computers \& typesetting},
  year={1986},
  publisher={Addison-Wesley}
}

@book{lamport1994latex,
  title={LATEX: A Document Preparation System : User's Guide and Reference Manual},
  author={Lamport, L.},
  isbn={9780201529838},
  lccn={93039691},
  series={Addison-Wesley series on Tools and Techniques for Computer Typesetting},
  year={1994},
  publisher={Addison-Wesley}
}