% bmc_article.bib
%
%  An example of bibtex entries.

@article{bib1_2019,
    author  = {AuthorA, F. and AuthorB, S.},
    title   = {Dummy article},
    journal = {International Journal of GIScience},
    year  = {2019},
    volume = {12},
    pages = {135–147},
    doi = {10.1234/56789}
}

@article{bib2_2020,
    author  = {AuthorC, O. and AuthorD, T. and AuthorE, F.},
    title   = {Another dummy article},
    journal = {Transactions in GIS},
    year  = {2020},
    volume = {35},
    pages = {13–28},
    doi = {10.2345/67890}
}

@phdthesis{bib3_2020,
  author       = {AuthorE, X.},
  title        = {The title of the work},
  school       = {Paris Lodron University Salzburg PLUS},
  year         = 2020,
  address      = {Salzburg, Austria}
}

% Webpage Link / URL

@misc{bib4_2021,
    author  = {{Association of Geographic Information Laboratories in Europe}},
    title  = {AGILE - Past Conferences \& Proceedings},
    howpublished = {available at: \url{https://agile-online.org/index.php/conference}},
    year      = "2021",
    note = {last access: 14 January 2021}
}

@inproceedings{bib5_2020,
    author  = {AuthorF, E. and AuthorG, H. and AuthorH, A. and AuthorI, A.},
    title  = {Contribution title},
    booktitle = {3rd BIM/GIS Integration Workshop and 15th 3D GeoInfo Conference 2020},
    year      = "2020",
    editor    = "Wong, K. and Ellul, C. and Morley, J. and Home, R. and Kalantari, M.",
    volume    = "VI-4/W1-2020",
    pages = {119--128},
    series    = "ISPRS Annals of the Photogrammetry, Remote Sensing and Spatial Information Sciences",
    doi = {10.5194/isprs-annals-VI-4-W1-2020-\#-2020}
}

@article{bib6_2019,
    author  = {AuthorF, E. and AuthorG, H. and AuthorH, A. and AuthorI, A.},
    title  = {Contribution title},
    journal   = "Proceedings of the International Cartographic Association",
    year      = "2019",
    volume    = "2",
    eid       = "6",
    doi = {10.5194/ica-proc-2-\#-2019}
}
