
@article{cit,
author={author},
title={title},
year={year},
journal={journal}
}
